@article{ratliff1983sshape,
  author  = {Ratliff, H. D. and Rosenthal, A. S.},
  title   = {Order Picking in a Warehouse},
  journal = {Management Science},
  year    = {1983},
  volume  = {29},
  number  = {5},
  pages   = {539--546}
}

@article{de_koster1997optimal,
  author  = {De Koster, Ren{\'e} and Van der Poort, Eduard},
  title   = {Routing Order Pickers in a Warehouse: A Comparison Between Optimal and Heuristic Solutions},
  journal = {IIE Transactions},
  year    = {1997},
  volume  = {29},
  number  = {5},
  pages   = {471--481}
}

@inproceedings{alam2024dqn,
  author    = {Alam, Md Mamunur R. and Khan, Ahtsham and Gunes, Mehmet H.},
  title     = {Deep Q‐Network Based Multi‐Robot Path Planning for Real‐Time Congestion Management},
  booktitle = {Proc.\ IEEE ICRA},
  year      = {2024},
  pages     = {3881--3887}
}

@article{saylam2022partition,
  author  = {Saylam, Koray and {\c{C}}elik, Eren and S{\"u}ral, Hale},
  title   = {Partition‐Optimisation Dynamic Programming for Synchronized Zone Picking},
  journal = {European Journal of Operational Research},
  year    = {2022},
  volume  = {302},
  number  = {1},
  pages   = {196--208}
}

@article{rao2023accelerated,
  author  = {Rao, Vighnesh and Adil, Gulam},
  title   = {An Accelerated Dynamic Programming Algorithm for Storage Class Assignment},
  journal = {Computers \& Industrial Engineering},
  year    = {2023},
  volume  = {176},
  pages   = {108897}
}

@article{dehghan2023,
  author  = {Dehghan, Masoud and La, Hung M. and Khosravi, Amirhosein},
  title   = {A Cooperative Extension Algorithm for AGV Order Assignment and Battery Management},
  journal = {IEEE Transactions on Automation Science and Engineering},
  year    = {2023},
  volume  = {20},
  number  = {4},
  pages   = {2783--2795}
}

@article{krnjaic2023hierarchical,
  author  = {Krnjaic, Ivan and Schiavi, Alessandro and Gambardella, Luca M.},
  title   = {Hierarchical Multi‑Agent Reinforcement Learning for Human–Robot Order Picking},
  journal = {Robotics and Autonomous Systems},
  year    = {2023},
  volume  = {176},
  pages   = {104571}
}

@article{ho2024federated,
  author  = {Ho, Duc and Nguyen, Toan and Cheriet, Mohamed},
  title   = {Federated Deep Reinforcement Learning for Privacy‑Preserving Warehouse Task Scheduling},
  journal = {Robotics and Computer‑Integrated Manufacturing},
  year    = {2024},
  volume  = {84},
  pages   = {102563}
}

@book{train2009discrete,
  author    = {Train, Kenneth E.},
  title     = {Discrete Choice Methods with Simulation},
  publisher = {Cambridge University Press},
  year      = {2009},
  edition   = {2nd}
}

@article{mcfadden1978residential,
  author  = {McFadden, Daniel},
  title   = {Modeling the Choice of Residential Location},
  journal = {Transportation Research Record},
  year    = {1978},
  volume  = {673},
  pages   = {72--77}
}

@book{benakiva1985dca,
  author    = {Ben-Akiva, Moshe and Lerman, Steven R.},
  title     = {Discrete Choice Analysis: Theory and Application to Travel Demand},
  publisher = {MIT Press},
  address   = {Cambridge, MA},
  year      = {1985}
}

@book{suttonbarto2018,
  author    = {Sutton, Richard S. and Barto, Andrew G.},
  title     = {Reinforcement Learning: An Introduction},
  publisher = {MIT Press},
  edition   = {2nd},
  year      = {2018}
}

@article{schulman2016gae,
  author  = {Schulman, John and Moritz, Philipp and Levine, Sergey and Jordan, Michael and Abbeel, Pieter},
  title   = {High-Dimensional Continuous Control Using Generalized Advantage Estimation},
  journal = {arXiv preprint arXiv:1506.02438},
  year    = {2016}
}

@article{sutton1999options,
  author  = {Sutton, Richard S. and Precup, Doina and Singh, Satinder},
  title   = {Between MDPs and Semi-MDPs: A Framework for Temporal Abstraction in Reinforcement Learning},
  journal = {Artificial Intelligence},
  year    = {1999},
  volume  = {112},
  number  = {1--2},
  pages   = {181--211}
}